<record><leader>00000cas a22000007a 4500</leader><controlfield tag="001">27175627</controlfield><controlfield tag="008">921228d19401945wyuwr ne      0    0eng d</controlfield><datafield ind1=" " ind2=" " tag="010"><subfield code="a">sn 92067233 </subfield></datafield><datafield ind1=" " ind2=" " tag="040"><subfield code="a">NVO</subfield><subfield code="b">eng</subfield><subfield code="c">NVO</subfield><subfield code="d">OCLCQ</subfield></datafield><datafield ind1=" " ind2=" " tag="042"><subfield code="a">msc</subfield></datafield><datafield ind1="0" ind2="4" tag="245"><subfield code="a">The Encampment Valley roundup.</subfield></datafield><datafield ind1="1" ind2="3" tag="246"><subfield code="a">Encampment echo</subfield><subfield code="f">Jan.-Feb. 1940</subfield></datafield><datafield ind1="1" ind2="3" tag="246"><subfield code="a">Valley roundup</subfield></datafield><datafield ind1=" " ind2=" " tag="260"><subfield code="a">Encampment, Wyo. :</subfield><subfield code="b">M. Powell</subfield></datafield><datafield ind1=" " ind2=" " tag="300"><subfield code="a">v.</subfield></datafield><datafield ind1=" " ind2=" " tag="310"><subfield code="a">Weekly</subfield></datafield><datafield ind1="0" ind2=" " tag="362"><subfield code="a">Vol. 1, no. 1 (Jan. 4, 1940)-v. 6, no. 36 (Aug. 30, 1945).</subfield></datafield><datafield ind1=" " ind2=" " tag="580"><subfield code="a">Published as a supplement to: Carbon County news and the Encampment echo, Jan. 4-Feb. 22, 1940.</subfield></datafield><datafield ind1=" " ind2="4" tag="651"><subfield code="a">Encampment (Wyo.)</subfield><subfield code="v">Newspapers.</subfield></datafield><datafield ind1=" " ind2="4" tag="651"><subfield code="a">Carbon County (Wyo.)</subfield><subfield code="v">Newspapers.</subfield></datafield><datafield ind1=" " ind2=" " tag="752"><subfield code="a">United States</subfield><subfield code="b">Wyoming</subfield><subfield code="c">Carbon</subfield><subfield code="d">Encampment.</subfield></datafield><datafield ind1="0" ind2="1" tag="780"><subfield code="t">Carbon County news and the Encampment echo</subfield><subfield code="w">(DLC)sn 92067231</subfield></datafield></record>